% Copyright (C)  2013 Jana Traue (jana.traue[at]tu-cottbus.de)
%
% Permission is granted to copy, distribute and/or modify this document
% under the terms of the GNU Free Documentation License, Version 1.3
% or any later version published by the Free Software Foundation;
% with no Invariant Sections, no Front-Cover Texts, and no Back-Cover Texts.
% A copy of the license is included in the file entitled "LICENSE".
%
% ------------------------------------------------------------------------
%       INTERNET ADDRESSES, web pages, online resources, ...
% ------------------------------------------------------------------------
@Misc{LatexWebsite,
	author = 		{LaTeX Project Team},
	title =         {{LaTeX - A document preparation system}},
	howpublished = 	{\url{http://www.latex-project.org/}},
	year =          {last visited: May 2009}
}
@Misc{AVRGCCFAQ,
	title =         {{AVR Libc Home Page}},
	howpublished = 	{\url{http://www.nongnu.org/avr-libc/user-manual/FAQ.html}},
	year =          {last visited: June 2009}
}

% ------------------------------------------------------------------------
%       BOOKS
% ------------------------------------------------------------------------
@Book{LatexBook,
	author = 		{Dalheimer, M. K. and G\"unther, K.},
	title = 		{LaTeX - kurz und gut},
	publisher = 	{O'REILLY},
	year = 		{2008}
}
% ------------------------------------------------------------------------
%       RFCs, DRAFTS, ...
% ------------------------------------------------------------------------
	
% ------------------------------------------------------------------------
%     DISSERTATIONS and DIPLOM and MASTER THESIS 
% ------------------------------------------------------------------------

% ------------------------------------------------------------------------
%     PROCEEDINGS, CONFERENCE PAPERS, ...
% ------------------------------------------------------------------------

% ------------------------------------------------------------------------
%     NEWSPAPER ARTICLES
% ------------------------------------------------------------------------

% ------------------------------------------------------------------------
%     ADDITIONAL REFERENCES
% ------------------------------------------------------------------------
